@book{James2015,
	author = {Gareth, J. and Witten, D. and Hastie, T. and Tibshirani, R},
	title = {An Introduction to Statistical Learning},
	date = {2015},
	OPTeditor = {editor},
	OPTeditora = {editora},
	OPTeditorb = {editorb},
	OPTeditorc = {editorc},
	OPTtranslator = {translator},
	OPTannotator = {annotator},
	OPTcommentator = {commentator},
	OPTintroduction = {introduction},
	OPTforeword = {foreword},
	OPTafterword = {afterword},
	OPTsubtitle = {subtitle},
	OPTtitleaddon = {titleaddon},
	OPTmaintitle = {maintitle},
	OPTmainsubtitle = {mainsubtitle},
	OPTmaintitleaddon = {maintitleaddon},
	OPTlanguage = {language},
	OPToriglanguage = {origlanguage},
	OPTvolume = {volume},
	OPTpart = {part},
	edition = {1st edition},
	OPTvolumes = {volumes},
	OPTseries = {series},
	OPTnumber = {number},
	OPTnote = {note},
	publisher = {Springer},
	OPTlocation = {location},
	isbn = {978-1-4614-7137-0},
	OPTchapter = {chapter},
	OPTpages = {pages},
	OPTpagetotal = {pagetotal},
	OPTaddendum = {addendum},
	OPTpubstate = {pubstate},
	OPTdoi = {doi},
	OPTeprint = {eprint},
	OPTeprintclass = {eprintclass},
	OPTeprinttype = {eprinttype},
	OPTurl = {url},
	OPTurldate = {urldate},
}

@book{hastie01,
	author = {Hastie, T. and Tibshirani, R. and Friedman, J.},
	title = {The Elements of Statistical Learning},
	date = {2001},
	OPTeditor = {editor},
	OPTeditora = {editora},
	OPTeditorb = {editorb},
	OPTeditorc = {editorc},
	OPTtranslator = {translator},
	OPTannotator = {annotator},
	OPTcommentator = {commentator},
	OPTintroduction = {introduction},
	OPTforeword = {foreword},
	OPTafterword = {afterword},
	OPTsubtitle = {Data Mining, Inference, and Prediction},
	OPTtitleaddon = {titleaddon},
	OPTmaintitle = {maintitle},
	OPTmainsubtitle = {mainsubtitle},
	OPTmaintitleaddon = {maintitleaddon},
	OPTlanguage = {language},
	OPToriglanguage = {origlanguage},
	OPTvolume = {volume},
	OPTpart = {},
	edition = {1st Edition},
	OPTvolumes = {volumes},
	series = {Springer Series in Statistics},
	OPTnumber = {number},
	OPTnote = {note},
	publisher = {Springer},
	OPTlocation = {location},
	isbn = {978-0-387-95284-0},
	OPTchapter = {chapter},
	OPTpages = {pages},
	OPTpagetotal = {pagetotal},
	OPTaddendum = {addendum},
	OPTpubstate = {pubstate},
	OPTdoi = {doi},
	OPTeprint = {eprint},
	OPTeprintclass = {eprintclass},
	OPTeprinttype = {eprinttype},
	OPTurl = {url},
	OPTurldate = {urldate},
}

@book{kleinbaum,
	author = {Kleinbau, D. and Kupper, L. and Nizam, A. and Muller, K. E.},
	title = {Applied Regression Analysis and Other Multivariable Methods},
	date = {2008},
	OPTeditor = {editor},
	OPTeditora = {editora},
	OPTeditorb = {editorb},
	OPTeditorc = {editorc},
	OPTtranslator = {translator},
	OPTannotator = {annotator},
	OPTcommentator = {commentator},
	OPTintroduction = {introduction},
	OPTforeword = {foreword},
	OPTafterword = {afterword},
	OPTsubtitle = {subtitle},
	OPTtitleaddon = {titleaddon},
	OPTmaintitle = {maintitle},
	OPTmainsubtitle = {mainsubtitle},
	OPTmaintitleaddon = {maintitleaddon},
	OPTlanguage = {language},
	OPToriglanguage = {origlanguage},
	OPTvolume = {volume},
	OPTpart = {part},
	edition = {4th edition},
	OPTvolumes = {volumes},
	OPTseries = {series},
	OPTnumber = {number},
	OPTnote = {note},
	publisher = {Duxbury},
	OPTlocation = {location},
	isbn = {978-0-495-38496-0},
	OPTchapter = {chapter},
	OPTpages = {pages},
	OPTpagetotal = {pagetotal},
	OPTaddendum = {addendum},
	OPTpubstate = {pubstate},
	OPTdoi = {doi},
	OPTeprint = {eprint},
	OPTeprintclass = {eprintclass},
	OPTeprinttype = {eprinttype},
	OPTurl = {url},
	OPTurldate = {urldate},
}
@book{harrell,
	author = {Harrell, F. E. Jr.},
	title = {Regression Modeling Strategies},
	date = {2001},
	OPTeditor = {editor},
	OPTeditora = {editora},
	OPTeditorb = {editorb},
	OPTeditorc = {editorc},
	OPTtranslator = {translator},
	OPTannotator = {annotator},
	OPTcommentator = {commentator},
	OPTintroduction = {introduction},
	OPTforeword = {foreword},
	OPTafterword = {afterword},
	subtitle = {with Applications to Linear Models, Logistic Regression and Survival Analysis},
	OPTtitleaddon = {titleaddon},
	OPTmaintitle = {maintitle},
	OPTmainsubtitle = {mainsubtitle},
	OPTmaintitleaddon = {maintitleaddon},
	OPTlanguage = {language},
	OPToriglanguage = {origlanguage},
	OPTvolume = {volume},
	OPTpart = {part},
	edition = {1st. edition},
	OPTvolumes = {volumes},
	series = {Springer Series in Statistics},
	OPTnumber = {number},
	OPTnote = {note},
	publisher = {Springer},
	OPTlocation = {location},
	isbn = {978-0-387-95232-1},
	OPTchapter = {chapter},
	OPTpages = {pages},
	OPTpagetotal = {pagetotal},
	OPTaddendum = {addendum},
	OPTpubstate = {pubstate},
	OPTdoi = {doi},
	OPTeprint = {eprint},
	OPTeprintclass = {eprintclass},
	OPTeprinttype = {eprinttype},
	OPTurl = {url},
	OPTurldate = {urldate},
}
@book{pestman,
	author = {Pestman, W. R.},
	title = {Mathematical Statistics},
	date = {1998},
	OPTeditor = {editor},
	OPTeditora = {editora},
	OPTeditorb = {editorb},
	OPTeditorc = {editorc},
	OPTtranslator = {translator},
	OPTannotator = {annotator},
	OPTcommentator = {commentator},
	OPTintroduction = {introduction},
	OPTforeword = {foreword},
	OPTafterword = {afterword},
	subtitle = {An Introduction},
	OPTtitleaddon = {titleaddon},
	OPTmaintitle = {maintitle},
	OPTmainsubtitle = {mainsubtitle},
	OPTmaintitleaddon = {maintitleaddon},
	OPTlanguage = {language},
	OPToriglanguage = {origlanguage},
	OPTvolume = {volume},
	OPTpart = {part},
	OPTedition = {edition},
	OPTvolumes = {volumes},
	OPTseries = {series},
	OPTnumber = {number},
	OPTnote = {note},
	publisher = {De Gruyter},
	OPTlocation = {location},
	isbn = {3-11.015356-4},
	OPTchapter = {chapter},
	OPTpages = {pages},
	OPTpagetotal = {pagetotal},
	OPTaddendum = {addendum},
	OPTpubstate = {pubstate},
	OPTdoi = {doi},
	OPTeprint = {eprint},
	OPTeprintclass = {eprintclass},
	OPTeprinttype = {eprinttype},
	OPTurl = {url},
	OPTurldate = {urldate},
}
@book{geron2,
	author = {G\'eron, A.},
	title = {Hands-on Machine Learning with Scikit-Learn, Keras \& TensorFlow},
	date = {2019},
	OPTeditor = {editor},
	OPTeditora = {editora},
	OPTeditorb = {editorb},
	OPTeditorc = {editorc},
	OPTtranslator = {translator},
	OPTannotator = {annotator},
	OPTcommentator = {commentator},
	OPTintroduction = {introduction},
	OPTforeword = {foreword},
	OPTafterword = {afterword},
	subtitle = {Concepts, Tools, and Techniques to Build Intelligent Systems},
	OPTtitleaddon = {titleaddon},
	OPTmaintitle = {maintitle},
	OPTmainsubtitle = {mainsubtitle},
	OPTmaintitleaddon = {maintitleaddon},
	OPTlanguage = {language},
	OPToriglanguage = {origlanguage},
	OPTvolume = {volume},
	OPTpart = {part},
	edition = {2nd. Edition},
	OPTvolumes = {volumes},
	OPTseries = {series},
	OPTnumber = {number},
	OPTnote = {note},
	publisher = {O'Reilly},
	OPTlocation = {location},
	isbn = {978-1-492-03264-9},
	OPTchapter = {chapter},
	OPTpages = {pages},
	OPTpagetotal = {pagetotal},
	OPTaddendum = {addendum},
	OPTpubstate = {pubstate},
	OPTdoi = {doi},
	OPTeprint = {eprint},
	OPTeprintclass = {eprintclass},
	OPTeprinttype = {eprinttype},
	OPTurl = {url},
	OPTurldate = {urldate},
}
@book{duda,
	author = {Duda, R. O. and Hart, P. E. and Stork, D.G.},
	title = {Pattern Classification},
	date = {2001},
	OPTeditor = {editor},
	OPTeditora = {editora},
	OPTeditorb = {editorb},
	OPTeditorc = {editorc},
	OPTtranslator = {translator},
	OPTannotator = {annotator},
	OPTcommentator = {commentator},
	OPTintroduction = {introduction},
	OPTforeword = {foreword},
	OPTafterword = {afterword},
	OPTsubtitle = {subtitle},
	OPTtitleaddon = {titleaddon},
	OPTmaintitle = {maintitle},
	OPTmainsubtitle = {mainsubtitle},
	OPTmaintitleaddon = {maintitleaddon},
	OPTlanguage = {language},
	OPToriglanguage = {origlanguage},
	OPTvolume = {volume},
	OPTpart = {part},
	edition = {2nd. Edition},
	OPTvolumes = {volumes},
	OPTseries = {series},
	OPTnumber = {number},
	OPTnote = {note},
	publisher = {John Wiley \& Sons},
	OPTlocation = {location},
	isbn = {978-0-471-05669-0},
	OPTchapter = {chapter},
	OPTpages = {pages},
	OPTpagetotal = {pagetotal},
	OPTaddendum = {addendum},
	OPTpubstate = {pubstate},
	OPTdoi = {doi},
	OPTeprint = {eprint},
	OPTeprintclass = {eprintclass},
	OPTeprinttype = {eprinttype},
	OPTurl = {url},
	OPTurldate = {urldate},
}
@book{efronbook,
	author = {Efron, B.},
	title = {The Jacknife, the Bootstrap and other Reseampling Plans},
	date = {1982},
	OPTeditor = {editor},
	OPTeditora = {editora},
	OPTeditorb = {editorb},
	OPTeditorc = {editorc},
	OPTtranslator = {translator},
	OPTannotator = {annotator},
	OPTcommentator = {commentator},
	OPTintroduction = {introduction},
	OPTforeword = {foreword},
	OPTafterword = {afterword},
	OPTsubtitle = {subtitle},
	OPTtitleaddon = {titleaddon},
	OPTmaintitle = {maintitle},
	OPTmainsubtitle = {mainsubtitle},
	OPTmaintitleaddon = {maintitleaddon},
	OPTlanguage = {language},
	OPToriglanguage = {origlanguage},
	OPTvolume = {volume},
	OPTpart = {part},
	OPTedition = {edition},
	OPTvolumes = {volumes},
	OPTseries = {series},
	OPTnumber = {number},
	OPTnote = {note},
	publisher = {SIAM},
	OPTlocation = {location},
	OPTisbn = {isbn},
	OPTchapter = {chapter},
	OPTpages = {pages},
	OPTpagetotal = {pagetotal},
	OPTaddendum = {addendum},
	OPTpubstate = {pubstate},
	OPTdoi = {doi},
	OPTeprint = {eprint},
	OPTeprintclass = {eprintclass},
	OPTeprinttype = {eprinttype},
	OPTurl = {url},
	OPTurldate = {urldate},
}
@article{efron2012,
	author = {Efron, B.},
	title = {A 250-year argument: Belief, behavior and the bootstrap},
	journaltitle = {Bull. Am. Math. Soc.},
	date = {2012},
	OPTtranslator = {translator},
	OPTannotator = {annotator},
	OPTcommentator = {commentator},
	OPTsubtitle = {subtitle},
	OPTtitleaddon = {titleaddon},
	OPTeditor = {editor},
	OPTeditora = {editora},
	OPTeditorb = {editorb},
	OPTeditorc = {editorc},
	OPTjournalsubtitle = {journalsubtitle},
	OPTissuetitle = {issuetitle},
	OPTissuesubtitle = {issuesubtitle},
	OPTlanguage = {language},
	OPToriglanguage = {origlanguage},
	OPTseries = {series},
	OPTvolume = {volume},
	OPTnumber = {number},
	OPTeid = {eid},
	OPTissue = {issue},
	OPTmonth = {month},
	OPTpages = {pages},
	OPTversion = {version},
	OPTnote = {note},
	OPTissn = {issn},
	OPTaddendum = {addendum},
	OPTpubstate = {pubstate},
	OPTdoi = {doi},
	OPTeprint = {eprint},
	OPTeprintclass = {eprintclass},
	OPTeprinttype = {eprinttype},
	OPTurl = {url},
	OPTurldate = {urldate},
}
@book{schutz,
	author = {Schutz, B.},
	title = {Geometrical methods in mathematical physics},
	date = {1980},
	OPTeditor = {editor},
	OPTeditora = {editora},
	OPTeditorb = {editorb},
	OPTeditorc = {editorc},
	OPTtranslator = {translator},
	OPTannotator = {annotator},
	OPTcommentator = {commentator},
	OPTintroduction = {introduction},
	OPTforeword = {foreword},
	OPTafterword = {afterword},
	OPTsubtitle = {subtitle},
	OPTtitleaddon = {titleaddon},
	OPTmaintitle = {maintitle},
	OPTmainsubtitle = {mainsubtitle},
	OPTmaintitleaddon = {maintitleaddon},
	OPTlanguage = {language},
	OPToriglanguage = {origlanguage},
	OPTvolume = {volume},
	OPTpart = {part},
	OPTedition = {edition},
	OPTvolumes = {volumes},
	OPTseries = {series},
	OPTnumber = {number},
	OPTnote = {note},
	publisher = {Cambridge University Press},
	OPTlocation = {location},
	isbn = {978-0521-298872},
	OPTchapter = {chapter},
	OPTpages = {pages},
	OPTpagetotal = {pagetotal},
	OPTaddendum = {addendum},
	OPTpubstate = {pubstate},
	OPTdoi = {doi},
	OPTeprint = {eprint},
	OPTeprintclass = {eprintclass},
	OPTeprinttype = {eprinttype},
	OPTurl = {url},
	OPTurldate = {urldate},
}
@book{rabadan,
	author = {Rabad\'an, R. and Blumberg, A. J.},
	title = {Topological Data Analysis for Genomics and Evolution},
	date = {2020},
	OPTeditor = {editor},
	OPTeditora = {editora},
	OPTeditorb = {editorb},
	OPTeditorc = {editorc},
	OPTtranslator = {translator},
	OPTannotator = {annotator},
	OPTcommentator = {commentator},
	OPTintroduction = {introduction},
	OPTforeword = {foreword},
	OPTafterword = {afterword},
	OPTsubtitle = {subtitle},
	OPTtitleaddon = {titleaddon},
	OPTmaintitle = {maintitle},
	OPTmainsubtitle = {mainsubtitle},
	OPTmaintitleaddon = {maintitleaddon},
	OPTlanguage = {language},
	OPToriglanguage = {origlanguage},
	OPTvolume = {volume},
	OPTpart = {part},
	OPTedition = {edition},
	OPTvolumes = {volumes},
	OPTseries = {series},
	OPTnumber = {number},
	OPTnote = {note},
	publisher = {Cambridge University Press},
	OPTlocation = {location},
	isbn = {978-1107-159549},
	OPTchapter = {chapter},
	OPTpages = {pages},
	OPTpagetotal = {pagetotal},
	OPTaddendum = {addendum},
	OPTpubstate = {pubstate},
	OPTdoi = {doi},
	OPTeprint = {eprint},
	OPTeprintclass = {eprintclass},
	OPTeprinttype = {eprinttype},
	OPTurl = {url},
	OPTurldate = {urldate},
}
@book{docarmoriemann,
	author = {Do Carmo, M. P.},
	title = {Geometria Riemanniana},
	date = {1988},
	OPTeditor = {editor},
	OPTeditora = {editora},
	OPTeditorb = {editorb},
	OPTeditorc = {editorc},
	OPTtranslator = {translator},
	OPTannotator = {annotator},
	OPTcommentator = {commentator},
	OPTintroduction = {introduction},
	OPTforeword = {foreword},
	OPTafterword = {afterword},
	OPTsubtitle = {subtitle},
	OPTtitleaddon = {titleaddon},
	OPTmaintitle = {maintitle},
	OPTmainsubtitle = {mainsubtitle},
	OPTmaintitleaddon = {maintitleaddon},
	OPTlanguage = {language},
	OPToriglanguage = {origlanguage},
	OPTvolume = {volume},
	OPTpart = {part},
	OPTedition = {edition},
	OPTvolumes = {volumes},
	series = {Projeto Euclides},
	OPTnumber = {number},
	OPTnote = {note},
	publisher = {IMPA},
	OPTlocation = {location},
	isbn = {85-244-0036-6},
	OPTchapter = {chapter},
	OPTpages = {pages},
	OPTpagetotal = {pagetotal},
	OPTaddendum = {addendum},
	OPTpubstate = {pubstate},
	OPTdoi = {doi},
	OPTeprint = {eprint},
	OPTeprintclass = {eprintclass},
	OPTeprinttype = {eprinttype},
	OPTurl = {url},
	OPTurldate = {urldate},
}
@book{genuer,
	author = {Genuer, R. and Poggi, Jean-Michel},
	title = {Random Forests with R},
	date = {2020},
	OPTeditor = {editor},
	OPTeditora = {editora},
	OPTeditorb = {editorb},
	OPTeditorc = {editorc},
	OPTtranslator = {translator},
	OPTannotator = {annotator},
	OPTcommentator = {commentator},
	OPTintroduction = {introduction},
	OPTforeword = {foreword},
	OPTafterword = {afterword},
	OPTsubtitle = {subtitle},
	OPTtitleaddon = {titleaddon},
	OPTmaintitle = {maintitle},
	OPTmainsubtitle = {mainsubtitle},
	OPTmaintitleaddon = {maintitleaddon},
	OPTlanguage = {language},
	OPToriglanguage = {origlanguage},
	OPTvolume = {volume},
	OPTpart = {part},
	OPTedition = {edition},
	OPTvolumes = {volumes},
	series = {Use R!},
	OPTnumber = {number},
	OPTnote = {note},
	OPTpublisher = {Springer},
	OPTlocation = {location},
	isbn = {978-3-030-56484-1},
	OPTchapter = {chapter},
	OPTpages = {pages},
	OPTpagetotal = {pagetotal},
	OPTaddendum = {addendum},
	OPTpubstate = {pubstate},
	OPTdoi = {doi},
	OPTeprint = {eprint},
	OPTeprintclass = {eprintclass},
	OPTeprinttype = {eprinttype},
	OPTurl = {url},
	OPTurldate = {urldate},
}

@book{cartbook,
	author = {Brieman, L. and Friedman, J. H. and Olshen, R. A. and Stone, C. J.},
	title = {Classification and Regression Trees},
	date = {1984},
	OPTeditor = {editor},
	OPTeditora = {editora},
	OPTeditorb = {editorb},
	OPTeditorc = {editorc},
	OPTtranslator = {translator},
	OPTannotator = {annotator},
	OPTcommentator = {commentator},
	OPTintroduction = {introduction},
	OPTforeword = {foreword},
	OPTafterword = {afterword},
	OPTsubtitle = {subtitle},
	OPTtitleaddon = {titleaddon},
	OPTmaintitle = {maintitle},
	OPTmainsubtitle = {mainsubtitle},
	OPTmaintitleaddon = {maintitleaddon},
	OPTlanguage = {language},
	OPToriglanguage = {origlanguage},
	OPTvolume = {volume},
	OPTpart = {part},
	OPTedition = {edition},
	OPTvolumes = {volumes},
	OPTseries = {series},
	OPTnumber = {number},
	OPTnote = {note},
	publisher = {Wadsworth Inc},
	OPTlocation = {location},
	isbn = {0-534-98054-6},
	OPTchapter = {chapter},
	OPTpages = {pages},
	OPTpagetotal = {pagetotal},
	OPTaddendum = {addendum},
	OPTpubstate = {pubstate},
	OPTdoi = {doi},
	OPTeprint = {eprint},
	OPTeprintclass = {eprintclass},
	OPTeprinttype = {eprinttype},
	OPTurl = {url},
	OPTurldate = {urldate},
}
@book{dubook,
	author = {Du, K-L. and Swamy, N. S.},
	title = {Neural Networks and Statistical Learning},
	date = {2019},
	OPTeditor = {editor},
	OPTeditora = {editora},
	OPTeditorb = {editorb},
	OPTeditorc = {editorc},
	OPTtranslator = {translator},
	OPTannotator = {annotator},
	OPTcommentator = {commentator},
	OPTintroduction = {introduction},
	OPTforeword = {foreword},
	OPTafterword = {afterword},
	OPTsubtitle = {subtitle},
	OPTtitleaddon = {titleaddon},
	OPTmaintitle = {maintitle},
	OPTmainsubtitle = {mainsubtitle},
	OPTmaintitleaddon = {maintitleaddon},
	OPTlanguage = {language},
	OPToriglanguage = {origlanguage},
	OPTvolume = {volume},
	OPTpart = {part},
	edition = {Second Edition},
	OPTvolumes = {volumes},
	OPTseries = {series},
	OPTnumber = {number},
	OPTnote = {note},
	publisher = {Springer},
	OPTlocation = {location},
	isbn = {978-1-4471-7451-6},
	OPTchapter = {chapter},
	OPTpages = {pages},
	OPTpagetotal = {pagetotal},
	OPTaddendum = {addendum},
	OPTpubstate = {pubstate},
	OPTdoi = {doi},
	OPTeprint = {eprint},
	OPTeprintclass = {eprintclass},
	OPTeprinttype = {eprinttype},
	OPTurl = {url},
	OPTurldate = {urldate},
}

@book{calin,
	author = {Calin, O.},
	title = {Deep Learning Architectures},
	date = {2019},
	OPTeditor = {editor},
	OPTeditora = {editora},
	OPTeditorb = {editorb},
	OPTeditorc = {editorc},
	OPTtranslator = {translator},
	OPTannotator = {annotator},
	OPTcommentator = {commentator},
	OPTintroduction = {introduction},
	OPTforeword = {foreword},
	OPTafterword = {afterword},
	OPTsubtitle = {subtitle},
	OPTtitleaddon = {titleaddon},
	OPTmaintitle = {maintitle},
	OPTmainsubtitle = {mainsubtitle},
	OPTmaintitleaddon = {maintitleaddon},
	OPTlanguage = {language},
	OPToriglanguage = {origlanguage},
	OPTvolume = {volume},
	OPTpart = {part},
	OPTedition = {edition},
	OPTvolumes = {volumes},
	series = {Springer Series in the Data Sciences},
	OPTnumber = {number},
	OPTnote = {note},
	publisher = {Springer},
	OPTlocation = {location},
	isbn = {978-3-030-36723-7},
	OPTchapter = {chapter},
	OPTpages = {pages},
	OPTpagetotal = {pagetotal},
	OPTaddendum = {addendum},
	OPTpubstate = {pubstate},
	OPTdoi = {doi},
	OPTeprint = {eprint},
	OPTeprintclass = {eprintclass},
	OPTeprinttype = {eprinttype},
	OPTurl = {url},
	OPTurldate = {urldate},
}
@book{speed,
	OPTauthor = {author},
	title = {Statistical Analysis of Gene Expression Microarray Data},
	date = {2000},
	editor = {Speed, T.},
	OPTeditora = {editora},
	OPTeditorb = {editorb},
	OPTeditorc = {editorc},
	OPTtranslator = {translator},
	OPTannotator = {annotator},
	OPTcommentator = {commentator},
	OPTintroduction = {introduction},
	OPTforeword = {foreword},
	OPTafterword = {afterword},
	OPTsubtitle = {subtitle},
	OPTtitleaddon = {titleaddon},
	OPTmaintitle = {maintitle},
	OPTmainsubtitle = {mainsubtitle},
	OPTmaintitleaddon = {maintitleaddon},
	OPTlanguage = {language},
	OPToriglanguage = {origlanguage},
	OPTvolume = {volume},
	OPTpart = {part},
	OPTedition = {edition},
	OPTvolumes = {volumes},
	OPTseries = {series},
	OPTnumber = {number},
	OPTnote = {note},
	publisher = {CRC Press},
	OPTlocation = {location},
	isbn = {978-1584883272},
	OPTchapter = {chapter},
	OPTpages = {pages},
	OPTpagetotal = {pagetotal},
	OPTaddendum = {addendum},
	OPTpubstate = {pubstate},
	OPTdoi = {doi},
	OPTeprint = {eprint},
	OPTeprintclass = {eprintclass},
	OPTeprinttype = {eprinttype},
	OPTurl = {url},
	OPTurldate = {urldate},
}

@book{commonerrstat,
	author = {Good, Phillip I. and Harding, James W.},
	title = {Common Errors in Statistics},
	date = {2006},
	OPTeditor = {editor},
	OPTeditora = {editora},
	OPTeditorb = {editorb},
	OPTeditorc = {editorc},
	OPTtranslator = {translator},
	OPTannotator = {annotator},
	OPTcommentator = {commentator},
	OPTintroduction = {introduction},
	OPTforeword = {foreword},
	OPTafterword = {afterword},
	subtitle = {(and how to avoid them)},
	OPTtitleaddon = {titleaddon},
	OPTmaintitle = {maintitle},
	OPTmainsubtitle = {mainsubtitle},
	OPTmaintitleaddon = {maintitleaddon},
	OPTlanguage = {language},
	OPToriglanguage = {origlanguage},
	OPTvolume = {volume},
	OPTpart = {part},
	OPTedition = {edition},
	OPTvolumes = {volumes},
	OPTseries = {series},
	OPTnumber = {number},
	OPTnote = {note},
	publisher = {John Wiley and Sons},
	OPTlocation = {location},
	isbn = {978-0471794318},
	OPTchapter = {chapter},
	OPTpages = {pages},
	OPTpagetotal = {pagetotal},
	OPTaddendum = {addendum},
	OPTpubstate = {pubstate},
	OPTdoi = {doi},
	OPTeprint = {eprint},
	OPTeprintclass = {eprintclass},
	OPTeprinttype = {eprinttype},
	OPTurl = {url},
	OPTurldate = {urldate},
}

@book{maindonald,
	author = {Maindonald, J. and Braun, J.},
	title = {Data Analysis and Graphics Using {R}},
	date = {2008},
	OPTeditor = {editor},
	OPTeditora = {editora},
	OPTeditorb = {editorb},
	OPTeditorc = {editorc},
	OPTtranslator = {translator},
	OPTannotator = {annotator},
	OPTcommentator = {commentator},
	OPTintroduction = {introduction},
	OPTforeword = {foreword},
	OPTafterword = {afterword},
	subtitle = {An example-based approach},
	OPTtitleaddon = {titleaddon},
	OPTmaintitle = {maintitle},
	OPTmainsubtitle = {mainsubtitle},
	OPTmaintitleaddon = {maintitleaddon},
	OPTlanguage = {language},
	OPToriglanguage = {origlanguage},
	OPTvolume = {volume},
	OPTpart = {part},
	edition = {Second Edition},
	OPTvolumes = {volumes},
	series = {Cambridge Series in Statistical and Probabilistic Mathematics},
	OPTnumber = {number},
	OPTnote = {note},
	publisher = {Cambridge University Press},
	OPTlocation = {location},
	isbn = {9780521861168},
	OPTchapter = {chapter},
	OPTpages = {pages},
	OPTpagetotal = {pagetotal},
	OPTaddendum = {addendum},
	OPTpubstate = {pubstate},
	OPTdoi = {doi},
	OPTeprint = {eprint},
	OPTeprintclass = {eprintclass},
	OPTeprinttype = {eprinttype},
	OPTurl = {url},
	OPTurldate = {urldate},
}
@book{murphyintro,
	author = {Murphy, K. P.},
	title = {Probabilistic Machine Learning},
	date = {2022},
	OPTeditor = {editor},
	OPTeditora = {editora},
	OPTeditorb = {editorb},
	OPTeditorc = {editorc},
	OPTtranslator = {translator},
	OPTannotator = {annotator},
	OPTcommentator = {commentator},
	OPTintroduction = {introduction},
	OPTforeword = {foreword},
	OPTafterword = {afterword},
	OPTsubtitle = {subtitle},
	OPTtitleaddon = {titleaddon},
	OPTmaintitle = {maintitle},
	OPTmainsubtitle = {mainsubtitle},
	OPTmaintitleaddon = {maintitleaddon},
	OPTlanguage = {language},
	OPToriglanguage = {origlanguage},
	OPTvolume = {volume},
	OPTpart = {part},
	OPTedition = {edition},
	OPTvolumes = {volumes},
	OPTseries = {series},
	OPTnumber = {number},
	OPTnote = {note},
	publisher = {The MIT Press},
	OPTlocation = {location},
	isbn = {978-0-262-04682-4},
	OPTchapter = {chapter},
	OPTpages = {pages},
	OPTpagetotal = {pagetotal},
	OPTaddendum = {addendum},
	OPTpubstate = {pubstate},
	OPTdoi = {doi},
	OPTeprint = {eprint},
	OPTeprintclass = {eprintclass},
	OPTeprinttype = {eprinttype},
	OPTurl = {url},
	OPTurldate = {urldate},
}
@article{lawrenceman,
	author  = {Neil D. Lawrence},
	title   = {A Unifying Probabilistic Perspective for Spectral Dimensionality Reduction: Insights and New Models},
	journal = {Journal of Machine Learning Research},
	year    = {2012},
	volume  = {13},
	number  = {51},
	pages   = {1609-1638},
	url     = {http://jmlr.org/papers/v13/lawrence12a.html}
}

